@article{astroABC,
    author = "E. Jennings and M. Madigan",
    title = "astroABC : An Approximate Bayesian Computation Sequential Monte Carlo sampler for cosmological parameter estimation",
    journal = "Astronomy and Computing",
	doi = "10.1016/j.ascom.2017.01.0012",
    volume = "19",
    pages = "16--22",
	url = "https://doi.org/10.1016%2Fj.ascom.2017.01.001",
	year = "2017",
	month = "apr",
	publisher = "Elsevier"
}
@online{abc_slides,
    author = "Umberto Picchini",
    title = "An intro to ABC â€“ approximate Bayesian computation",
    url = "https://www.maths.lu.se/fileadmin/maths/forskning_research/InferPartObsProcess/abc_slides.pdf"
}
@article{abc_smc,
	doi = {10.1098/rsif.2008.0172},
	url = {https://doi.org/10.1098%2Frsif.2008.0172},
	year = 2008,
	month = {jul},
	publisher = {The Royal Society},
	volume = {6},
	number = {31},
	pages = {187--202},
	author = {Tina Toni and David Welch and Natalja Strelkowa and Andreas Ipsen and Michael P.H Stumpf},
	title = {Approximate Bayesian computation scheme for parameter inference and model selection in dynamical systems},
	journal = {Journal of The Royal Society Interface}
}
@online{conj_priors,
    author = "Wikipedia volunteers",
    title = "Conjugate priors",
    url = "https://en.wikipedia.org/wiki/Conjugate_prior"
}